% Bibtex file for JEngine-docu
%

@Article{ImplementationFrameworkPCM,
author = "Andreas Meyer and Nico Herzberg and Matthias Weske and Frank Puhlmann",
title = "Implementation Framework for Product Case Management: Modeling and Execution",
journal = {},
university = {Hasso Plattner Institut},
year = {2013}
}

